<?xml version="1.0" encoding="UTF-8"?><collection xmlns="http://www.loc.gov/MARC21/slim"><record><leader>00417nam--2200133-i-4500</leader><controlfield tag="001">000035699</controlfield><controlfield tag="002">20161230</controlfield><controlfield tag="005">20161230201040</controlfield><controlfield tag="008">060222s1000------------r-----000-0-eng-d</controlfield><datafield ind1=" " ind2=" " tag="080"><subfield code="a">621.81</subfield></datafield><datafield ind1=" " ind2=" " tag="245"><subfield code="a">Organe de masini</subfield></datafield><datafield ind1=" " ind2=" " tag="260"><subfield code="a">Bucuresti, Ed.Tehnica, 1981, 438p</subfield></datafield><datafield ind1=" " ind2=" " tag="700"><subfield code="a">Gafitanu, Mihai., Mocanu, Dumitru., Cretu, Spiridon., Racocea, Cezar., Pavelescu, Dan., Pascovici, Mircea., Raducanu, D.Etc</subfield></datafield><datafield ind1=" " ind2=" " tag="852"><subfield code="a">49316</subfield></datafield></record></collection>